@inproceedings{denney98,
  author    = {Ewen Denney},
  editor    = {David Gries and
               Willem P. de Roever},
  title     = {Refinement types for specification},
  booktitle = {Programming Concepts and Methods, {IFIP} TC2/WG2.2,2.3 International
               Conference on Programming Concepts and Methods {(PROCOMET} '98) 8-12
               June 1998, Shelter Island, New York, {USA}},
  series    = {{IFIP} Conference Proceedings},
  volume    = {125},
  pages     = {148--166},
  publisher = {Chapman {\&} Hall},
  year      = {1998},
  timestamp = {Thu, 21 Nov 2002 11:12:21 +0100},
  biburl    = {https://dblp.org/rec/conf/procomet/Denney98.bib},
  bibsource = {dblp computer science bibliography, https://dblp.org}
}
